<?xml version="1.0" encoding="UTF-8"?><collection><record><leader>05951ntm a2200577 a 4500</leader><controlfield tag="001">006815020</controlfield><controlfield tag="003">MiAaHDL</controlfield><controlfield tag="005">20190719000000.0</controlfield><controlfield tag="006">m        d        </controlfield><controlfield tag="007">cr bn ---auaua</controlfield><controlfield tag="008">090610s15uu    xx            00| ||ara d</controlfield><datafield tag="035" ind1=" " ind2=" "><subfield code="a">(MiU)006815020</subfield></datafield><datafield tag="035" ind1=" " ind2=" "><subfield code="a">sdr-miu006815020</subfield></datafield><datafield tag="040" ind1=" " ind2=" "><subfield code="a">MiU</subfield><subfield code="c">MiU</subfield><subfield code="e">amremm</subfield></datafield><datafield tag="041" ind1="0" ind2=" "><subfield code="a">ara</subfield><subfield code="a">per</subfield><subfield code="a">ota</subfield></datafield><datafield tag="043" ind1=" " ind2=" "><subfield code="a">n-us-mi</subfield></datafield><datafield tag="100" ind1="1" ind2=" "><subfield code="6">880-01</subfield><subfield code="a">Būṣīrī, Sharaf al-Dīn Muḥammad ibn Saʻīd,</subfield><subfield code="d">1213?-1296?</subfield></datafield><datafield tag="240" ind1="1" ind2="0"><subfield code="6">880-02</subfield><subfield code="a">Burdah</subfield></datafield><datafield tag="245" ind1="1" ind2="3"><subfield code="6">880-03</subfield><subfield code="a">[al-Kawākib al-durrīyah fī madḥ khayr al-barīyah,</subfield><subfield code="f">16th century?].</subfield></datafield><datafield tag="246" ind1="3" ind2=" "><subfield code="i">Title from inscription on front flyleaf:</subfield><subfield code="a">قصيده برده</subfield></datafield><datafield tag="260" ind1=" " ind2=" "><subfield code="c">[15--?].</subfield></datafield><datafield tag="300" ind1=" " ind2=" "><subfield code="a">30 leaves :</subfield><subfield code="b">paper ;</subfield><subfield code="c">220 x 150 (132 x 69) mm.</subfield></datafield><datafield tag="500" ind1=" " ind2=" "><subfield code="a">Shelfmark: Ann Arbor, University of Michigan, Special Collections Library, Isl. Ms. 448</subfield></datafield><datafield tag="500" ind1=" " ind2=" "><subfield code="a">Origin: Lacks dated colophon ; decoration, hand, paper, etc. would suggest 16th century.</subfield></datafield><datafield tag="500" ind1=" " ind2=" "><subfield code="a">Accompanying materials: Slip of wove paper with notes in pencil "448 (Kasidat) al-Burdah Poem by al-Busiri 16th cent."</subfield></datafield><datafield tag="500" ind1=" " ind2=" "><subfield code="a">Former shelfmark: "239 T. De M. [i.e. Tammaro De Marinis]" inscribed in pencil on recto of front flyleaf ; "122" inscribed in pencil on 'title page.'</subfield></datafield><datafield tag="500" ind1=" " ind2=" "><subfield code="a">Binding: Pasteboards covered in dark red leather ; Type II binding (with flap) ; board linings and narrow hinges in pale orange laid paper ; upper and lower covers carry central rectangular panel filled with gold-tooled and painted semé pattern as well as further accents in gold-tooled rosettes and border consisting of a series of s-shaped stamps with flanking gold-painted fillets ; now sewn in pink thread, two stations ; worked chevron endbands in pink and yellow, fairly good condition ; overall in good condition minor abrasion, etc.</subfield></datafield><datafield tag="500" ind1=" " ind2=" "><subfield code="a">Support: non-European (likely Persianate) laid paper with 6-7 laid lines per cm. (vertical, somewhat distinct) and occasional single chain line visible, thick and sturdy, well-burnished, dark cream in color ; flyleaves and added leaves in European laid paper with 9 laid lines per cm. (vertical), chain lines spaced 26-27 mm. apart (horizontal), and watermark of bird with "G B" below ; much staining and tidelines.</subfield></datafield><datafield tag="500" ind1=" " ind2=" "><subfield code="a">Decoration: Exquisite (though damaged) frontispiece consisting of a double-page illumination carries the opening verses and elucidation in Persian set-off by cloud-bands, with adjacent scalloped triangular piece (or hasp), elaborate borders (outermost accented with perpendicular stalks [tīgh]), and upper and lower panels all carrying swirling vegetal design in shades of red, blue, lavender, green, white, and gold on fields of black, gold, and lapis lazuli ; written area throughout surrounded by frame in gold and green bands with outermost blue rule ; text of the Burdah mainly chrysographed, with some lines in blue ; textual dividers in the form of illuminated rosettes set off each hemistich ; illuminated floral decoration flanks elucidation in Persian.</subfield></datafield><datafield tag="500" ind1=" " ind2=" "><subfield code="a">Script: Naskh and nastaʻlīq (talik) ; elegant Persianate and Turkish hands ; text of Burdah in a fine Persianate naskh, serifless, with curvilinear descenders and pointing in distinct dots, vocalized ; text of Persian elucidation in a fine nastaʻlīq with characteristic descent of words to baseline and elongation of horizontal strokes ; marginal Turkish elucidation in an elegant nastaʻlīq (talik).</subfield></datafield><datafield tag="500" ind1=" " ind2=" "><subfield code="a">Layout: Written in 12 lines per page with 6 additional lines of the Turkish elucidation on the diagonal in the outer margin ; three verses of the poem in 6 lines (filling the column width) with each saṭr and ʻajuz to a line) and elucidation in 6 lines (four on the diagonal, two horizontal but centered).</subfield></datafield><datafield tag="500" ind1=" " ind2=" "><subfield code="a">Collation: ii, IV-1+1 (8), 2 IV(24), II+2 (30), ii ; almost exclusively quaternions ; catchwords present.</subfield></datafield><datafield tag="500" ind1=" " ind2=" "><subfield code="a">Explicit: " ... واطرب العيس حادي العين بالنغم ... تا برانند اشترانرا بنده گان پر نغم ... اشترمتسه طرب ويردكجه تأثير نغم تم الترجمة بالخير م م"</subfield></datafield><datafield tag="500" ind1=" " ind2=" "><subfield code="a">Incipit: "امن تذكر جيران بذي سلم مزجت دمعا جرى من مقلة بدم ای زیاد صحبت یارانت اندر ذی سلم اشک چشم امیختی با خون روان گرده بهم ..."</subfield></datafield><datafield tag="500" ind1=" " ind2=" "><subfield code="a">Title supplied by cataloguer.</subfield></datafield><datafield tag="500" ind1=" " ind2=" "><subfield code="a">Ms. codex.</subfield></datafield><datafield tag="520" ind1="8" ind2=" "><subfield code="a">Fine copy of al-Būṣīrī's poem in praise of the Prophet accompanied by elucidation in Persian and Turkish.</subfield></datafield><datafield tag="538" ind1=" " ind2=" "><subfield code="a">Mode of access: Internet.</subfield></datafield><datafield tag="541" ind1=" " ind2=" "><subfield code="c">Purchase ;</subfield><subfield code="a">Acquired by purchase (funds donated by Horace Rackham).</subfield><subfield code="d">1924.</subfield></datafield><datafield tag="546" ind1=" " ind2=" "><subfield code="a">Arabic, Persian, and Ottoman Turkish.</subfield></datafield><datafield tag="561" ind1=" " ind2=" "><subfield code="a">Ownership statement on added leaf at opening in name of one Seyit Ahmet, müderris in the school of Hüseyin Paşa in Bursa, accompanied by a virtually obliterated oval seal impression ; statement reads "تملكه الفقير الى بر ربه القدير السيد احمد المدرس في مدرسه حسين پاشا در بروسه عفي عنه" ; marginal glosses and occasional notabilia (side heads).</subfield></datafield><datafield tag="600" ind1="0" ind2="0"><subfield code="a">Muḥammad,</subfield><subfield code="c">Prophet,</subfield><subfield code="d">-632</subfield><subfield code="v">Poetry</subfield><subfield code="v">Early works to 1800.</subfield></datafield><datafield tag="650" ind1=" " ind2="0"><subfield code="a">Manuscripts, Turkish</subfield><subfield code="z">Michigan</subfield><subfield code="z">Ann Arbor.</subfield></datafield><datafield tag="650" ind1=" " ind2="0"><subfield code="a">Manuscripts, Persian</subfield><subfield code="z">Michigan</subfield><subfield code="z">Ann Arbor.</subfield></datafield><datafield tag="650" ind1=" " ind2="0"><subfield code="a">Manuscripts, Arabic</subfield><subfield code="z">Michigan</subfield><subfield code="z">Ann Arbor.</subfield></datafield><datafield tag="655" ind1=" " ind2="7"><subfield code="a">Headpieces (layout features)</subfield><subfield code="y">16th century.</subfield><subfield code="2">aat</subfield></datafield><datafield tag="700" ind1="0" ind2=" "><subfield code="a">Abdülhamid</subfield><subfield code="b">II,</subfield><subfield code="c">Sultan of the Turks,</subfield><subfield code="d">1842-1918,</subfield><subfield code="e">former owner.</subfield></datafield><datafield tag="773" ind1="0" ind2=" "><subfield code="a">Abdul Hamid Collection.</subfield></datafield><datafield tag="880" ind1="1" ind2="2"><subfield code="6">245-03/</subfield><subfield code="a">[الكواكب الدرية في مدح خير البرية,</subfield><subfield code="f">القرن 16م؟].</subfield></datafield><datafield tag="880" ind1="1" ind2="0"><subfield code="6">240-02/</subfield><subfield code="a">بردة</subfield></datafield><datafield tag="880" ind1="1" ind2=" "><subfield code="6">100-01/</subfield><subfield code="a">بوصيري، شرف الدين محمد بن سعيد.</subfield></datafield><datafield tag="CID" ind1=" " ind2=" "><subfield code="a">006815020</subfield></datafield><datafield tag="DAT" ind1="0" ind2=" "><subfield code="a">20190719102638.0</subfield><subfield code="b">20190719000000.0</subfield></datafield><datafield tag="DAT" ind1="1" ind2=" "><subfield code="a">20190719090653.0</subfield><subfield code="b">2019-07-19T16:11:48Z</subfield></datafield><datafield tag="DAT" ind1="2" ind2=" "><subfield code="a">2016-11-08T19:00:02Z</subfield></datafield><datafield tag="CAT" ind1=" " ind2=" "><subfield code="a">SDR-MIU</subfield><subfield code="d">EX LIBRIS - ALEPH</subfield><subfield code="l">prepare.pl-004-008</subfield></datafield><datafield tag="FMT" ind1=" " ind2=" "><subfield code="a">BK</subfield></datafield><datafield tag="HOL" ind1=" " ind2=" "><subfield code="0">sdr-miu006815020</subfield><subfield code="a">MiU</subfield><subfield code="b">SDR</subfield><subfield code="c">MIU</subfield><subfield code="p">mdp.39015079129246</subfield><subfield code="s">MIU</subfield><subfield code="1">006815020</subfield></datafield><datafield tag="974" ind1=" " ind2=" "><subfield code="b">MIU</subfield><subfield code="c">MIU</subfield><subfield code="d">20190719</subfield><subfield code="s">lit-dlps-dc</subfield><subfield code="u">mdp.39015079129246</subfield><subfield code="y">1599</subfield><subfield code="r">pd</subfield><subfield code="q">bib</subfield><subfield code="t">non-US bib date1 &lt; 1896</subfield></datafield></record></collection>